%physica2020, physica2021, icppa2020, physica2020, lomcon2021,nucleus2020

@inproceedings{physica2020,
  author = {Larionova D. M. and Berdnikov, Y. A. and Berdnikov, A. Y. and Kotov, D. O. and Mitrankov Y. M.},
  title = {Comparative analysis of proton production as a
  function of quark content and collision geometry},
  booktitle = {Journal of Physics: Conference Series},
  year = {2020},
  language = {english},
  authorconf = {true},
  authorscopus = {true}, 
  authorwos = {true},
  addendum = {(Scopus, WoS)},
}

@inproceedings{physica2021,
	author = {Larionova D. M. and Berdnikov, Y. A. and Berdnikov, A. Y. and Kotov, D. O. and Mitrankov Y. M.},
	title = {Charged pion, kaon, proton and antiproton production in large collision systems},
	booktitle = {Journal of Physics: Conference Series},
	year = {2021},
	language = {english},
	authorconf = {true},
	authorscopus = {true}, 
	authorwos = {true},
	addendum = {(Scopus, WoS)},
}


@inproceedings{icppa2020,
	author = {Larionova D. M. and Berdnikov, Y. A. and Berdnikov, A. Y. and Kotov, D. O. and Mitrankov Y. M.},
	title = {Influence of quark content and collision geometry on proton production in heavy ion collisions},
	booktitle = {Journal of Physics: Conference Series},
	year = {2020},
	language = {english},
	authorconf = {true},
	  authorscopus = {true},
	authorwos = {true},
	addendum = {(Scopus, WoS)},
}

@ARTICLE{lomcon2021,
	author = {Larionova D. M. and Berdnikov, Y. A. and Berdnikov, A. Y. and Kotov, D. O. and Mitrankov Y. M.},
	title = {PHENIX Results on Hadron Production in Large Collision Systems},
	journal = {Moscow University Physics Bulletin},
	year = {2022},
	volume = {77},
	pages = {232-233},
	language = {english},
	authorother = {true},
	authorconf = {true},
}

@ARTICLE{nucleus2020,
  author = {Larionova D. M. and Berdnikov, Y. A. and Berdnikov, A. Y. and Kotov, D. O. and Mitrankov Y. M.},
  title = {Charged Hadron Production in Cu+Au Collisions at 200 GeV in the PHENIX Experiment},
  journal = {Physics of Particles and Nuclei},
  year = {2022},
  volume = {2},
  number = {53},
  pages = {261--264},
  language = {english},
  authorscopus = {true},  
  authorvak = {true},
  authorwos = {true},
}

