% ГОСТ Р 7.0.11-2011, Приложение Б, Книги

@misc{pythia,
	title={A comprehensive guide to the physics and usage of PYTHIA 8.3}, 
	author={Christian Bierlich and Smita Chakraborty and Nishita Desai and Leif Gellersen and Ilkka Helenius and Philip Ilten and Leif Lönnblad and Stephen Mrenna and Stefan Prestel and Christian T. Preuss and Torbjörn Sjöstrand and Peter Skands and Marius Utheim and Rob Verheyen},
	year={2022},
	eprint={2203.11601},
	archivePrefix={arXiv},
	primaryClass={hep-ph}
}

@article{QGP,
   title={Formation of dense partonic matter in relativistic nucleus–nucleus collisions at {RHIC}: Experimental evaluation by the {PHENIX} Collaboration},
   volume={757},
   ISSN={0375-9474},
   url={http://dx.doi.org/10.1016/j.nuclphysa.2005.03.086},
   DOI={10.1016/j.nuclphysa.2005.03.086},
   number={1-2},
   journal={Nucl. Phys. A},
   publisher={Elsevier BV},
   author={Adcox, K.  and others},
   collaboration = {PHENIX Collaboration},
   year={2005},
   month={8},
   pages={184–283}
}


@article{QGP_signatures,
    author = "Niida, T. and Miake, Y.",
    title = "{Signatures of QGP at RHIC and the LHC}",
    eprint = "2104.11406",
    archivePrefix = "arXiv",
    primaryClass = "nucl-ex",
    doi = "10.1007/s43673-021-00014-3",
    journal = "AAPPS Bull.",
    volume = "31",
    number = "1",
    pages = "12",
    year = "2021"
}
@article{JetQuenching1,
   title={Jet quenching},
   ISBN={9783642015397},
   ISSN={1616-9522},
   url={http://dx.doi.org/10.1007/978-3-642-01539-7_16},
   DOI={10.1007/978-3-642-01539-7_16},
   journal={Landolt-Börnstein - Group I Elementary Particles, Nuclei and Atoms},
   publisher={Springer Berlin Heidelberg},
   author={d’ Enterria, David},
   year={2010},
   pages={471–520}
}

@article{JetQuenching3,
	doi = {10.1016/s0375-9474(01)01445-2},
	url = {https://doi.org/10.1016\%2Fs0375-9474\%2801\%2901445-2},
	year = 2002,
	month = {2},
	publisher = {Elsevier {BV}},
	volume = {698},
	number = {1-4},
	pages = {631--634},
	author = {P. L{\'{e}}vai and G. Papp and G. Fai and M. Gyulassy and G.G. Barnaföldi and I. Vitev and Y. Zhang},
	title = {Discovery of jet quenching at {RHIC} and the opacity of the produced gluon plasma},
	journal = {Nuclear Physics A}
}
@article{JetQuenching2,
    doi = {10.1088/1361-6633/abc22b},
    url = {https://doi.org/10.1088%2F1361-6633%2Fabc22b},
    year = 2021,
    month = {1},
    publisher = {{IOP} Publishing},
    volume = {84},
    number = {2},
    pages = {024301},
    author = {Shanshan Cao and Xin-Nian Wang},
    title = {Jet quenching and medium response in high-energy heavy-ion collisions: a review},
    journal = {Reports on Progress in Physics}
}

@article{StrangenessEnhancenment,
    author = {Koch, P. and Muller, Berndt and Rafelski, Johann},
    title = {Strangeness in Relativistic Heavy Ion Collisions},
    reportNumber = "GSI-86-7, UCT-TP-41-86, UCT-TP-29-1985",
    doi = {10.1016/0370-1573(86)90096-7},
    journal = {Phys. Rept.},
    volume = {142},
    pages = {167--262},
    year = {1986}
}

@inbook{Strangeness_QGP,
    author = {Koch-Steinheimer, Peter and Muller, Berndt and Rafelski, Johann},
    year = {2018},
    month = {06},
    pages = {221-248},
    title = {From Strangeness Enhancement to Quark–Gluon Plasma Discovery},
    isbn = {978-981-323-427-7},
    doi = {10.1142/9789813234284_0016}
}


@article{p2piRatio_130GeV,
	doi = {10.1103/physrevc.69.024904},
	year = {2004},
	month = {02},
	publisher = {American Physical Society (APS)},
	volume = {69},
	number = {2},
	author = {Adcox, K. and others},
    collaboration = {PHENIX Collaboration},
	title = {Single identified hadron spectra from $\sqrt{s_{NN}}$=130 {GeV Au+Au} collisions},
	journal = {Phys. Rev. C}
}

@article{p2piRatio_2003,
	doi = {10.1016/s0375-9474(02)01423-9},
	year = {2003},
	month = {03},
	publisher = {Elsevier {BV}},
	volume = {715},
	pages = {151c--160c},
	author = {T. Chujo},
	title = {Results on identified hadrons from the {PHENIX} experiment at {RHIC}},
	journal = {Nucl. Phys. A}
}
@article{Coalescence_models,
	doi = {10.1146/annurev.nucl.58.110707.171134},
	year = 2008,
	month = {11},
	publisher = {Annual Reviews},
	volume = {58},
	number = {1},
	pages = {177--205},
	author = {Rainer Fries and Vincenzo Greco and Paul Sorensen},
	title = {Coalescence Models for Hadron Formation from Quark-Gluon Plasma},
	journal = {Ann. Rev. Nucl. Part. Sci}
}

@article{PHENIX_Nature,
    author = {Aidala, C. and others},
    collaboration = {PHENIX Collaboration},
    title = {Creation of quark-gluon plasma droplets with three distinct geometries},
    eprint = {1805.02973},
    archivePrefix = {arXiv},
    primaryClass = {nucl-ex},
    journal = {Nature Phys.},
    volume = {15},
    number = {3},
    pages = {214--220},
    year = {2019}
}


@article{PHENIXoverview,
    author = "Adcox, K. and others",
    collaboration = "PHENIX",
    collaboration = {PHENIX Collaboration},
    title = "{PHENIX detector overview}",
    doi = "10.1016/S0168-9002(02)01950-2",
    journal = "Nucl. Instrum. Meth. A",
    volume = "499",
    pages = "469--479",
    year = "2003"
}

@article{PHENIXoverview2,
    author = {Adcox, K. and others},
    collaboration = "PHENIX Collaboration",
    year = {2003},
    month = {03},
    pages = {469–479},
    title = {{PHENIX} detector overview},
    volume = {499},
    journal = {Nucl. Instr. and Methods in Physics Research Section A: Accelerators, Spectrometers, Detectors and Associated Equipment}
}

@article{PHENIX_CAdetectors,
    author = "Aizawa, M. and others",
    collaboration = "PHENIX Collaboration",
    title = {{PHENIX central arm particle ID detectors}},
    doi = "10.1016/S0168-9002(02)01953-8",
    journal = "Nucl. Instrum. Meth. A",
    volume = "499",
    pages = "508--520",
    year = "2003"
}
@article{PHENIX_InnerDetectors,
	author = {Allen, M. and others},
	year = {2003},
	collaboration = {PHENIX Collaboration},
	month = {03},
	pages = {549-559},
	title = {{PHENIX} inner detectors},
	volume = {499},
	journal = {Nucl. Instrum. Meth. A},
	doi = {10.1016/S0168-9002(02)01956-3}
}

@article{CentralityIdentification,
	author = {Adler and others},
	collaboration = {PHENIX Collaboration},
	year = {2004},
	month = {03},
	pages = {},
	title = {{High-pT charged hadron suppression in Au+Au collisions at $\sqrt{s_{NN}}$=200 GeV}},
	volume = {69},
	journal = {Phys. Rev. C}
}

@book{GEANT,
    author = "Brun, Ren\'e and Bruyant, F. and Carminati, Federico and Giani, Simone and Maire, M. and McPherson, A. and Patrick, G. and Urban, L.",
    title = {GEANT Detector Description and Simulation Tool},
    reportNumber = "CERN-W5013, CERN-W-5013, W5013, W-5013",
    doi = "10.17181/CERN.MUHF.DMJ1",
    month = "10",
    year = "1994"
}

@article{PISA,
   title={{PHENIX} on-line and off-line computing},
   volume={499},
   number={2},
   collaboration = {PHENIX Collaboration},
   journal={Nucl. Instrum. Meth. A.},
   author={Adler, S. and others},
   year={2003},
   pages = {593-602},
   month={08}
}
@article{BiasFactor,
    doi = {10.1088/1742-6596/535/1/012015},
    url = {https://dx.doi.org/10.1088/1742-6596/535/1/012015},
    year = {2014},
    month = {09},
    publisher = {},
    volume = {535},
    number = {1},
    pages = {012015},
    author = {J D Orjuela Koop and the PHENIX Collaboration},
    title = {Centrality categorization and application to physics effects in high-energy {d+A} collisions},
    journal = {Journal of Physics: Conference Series},
}


@article{Thermal1,
  title = {{Thermal phenomenology of hadrons from 200A GeV S+S collisions}},
  author = {Schnedermann, E. and Sollfrank, J. and Heinz, U.},
  journal = {Phys. Rev. C},
  volume = {48},
  issue = {5},
  pages = {2462--2475},
  numpages = {0},
  year = {1993},
  month = {11},
  publisher = {American Physical Society},
  doi = {10.1103/PhysRevC.48.2462},
  url = {https://link.aps.org/doi/10.1103/PhysRevC.48.2462}
}
@article{Thermal2,
  title = {Partonic coalescence in relativistic heavy ion collisions},
  author = {Greco, V. and Ko, C. M. and L\'evai, P.},
  journal = {Phys. Rev. C},
  volume = {68},
  issue = {3},
  pages = {034904},
  numpages = {12},
  year = {2003},
  month = {09},
  publisher = {American Physical Society},
  doi = {10.1103/PhysRevC.68.034904},
  url = {https://link.aps.org/doi/10.1103/PhysRevC.68.034904}
}

@article{PPG026,
	doi = {10.1103/physrevc.69.034909},
	year = {2004},
	month = {03},
	publisher = {American Physical Society ({APS})},
	volume = {69},
	number = {3},
	collaboration = {PHENIX Collaboration},
	author = {S. S. Adler and others},
	title = {{Identified charged particle spectra and yields in Au+Au collisions at $\sqrt{s_{NN}}$ = 200 GeV}},
	journal = {Physical Review C}
}

@article{BaryonPuzzleHeavy,
   title={{Spectra and ratios of identified particles in Au+Au and d+Au collisions at $\sqrt{s_{NN}}$=200 GeV}},
   volume={88},
   ISSN={1089-490X},
   url={http://dx.doi.org/10.1103/PhysRevC.88.024906},
   DOI={10.1103/physrevc.88.024906},
   number={2},
   journal={Phys. Rev. C},
   publisher={American Physical Society (APS)},
   author={Adare, A. and others},
   collaboration = {PHENIX Collaboration},
   year={2013},
   month={08}
}
@article{Recombination1,
  title = {Parton Coalescence and the Antiproton/Pion Anomaly at {RHIC}},
  author = {Greco, V. and Ko, C. M. and L\'evai, P.},
  journal = {Phys. Rev. Lett.},
  volume = {90},
  issue = {20},
  pages = {202302},
  numpages = {4},
  year = {2003},
  month = {05},
  publisher = {American Physical Society},
  doi = {10.1103/PhysRevLett.90.202302},
  url = {https://link.aps.org/doi/10.1103/PhysRevLett.90.202302}
}

@article{Recombination2,
  title = {Scaling behavior at high ${p}_{T}$ and the $p/\ensuremath{\pi}$ ratio},
  author = {Hwa, R. C. and Yang, C. B.},
  journal = {Phys. Rev. C},
  volume = {67},
  issue = {3},
  pages = {034902},
  numpages = {9},
  year = {2003},
  month = {03},
  publisher = {American Physical Society},
  doi = {10.1103/PhysRevC.67.034902},
  url = {https://link.aps.org/doi/10.1103/PhysRevC.67.034902}
}

@misc{CNM,
      title={Cold nuclear matter},
      author={C. O. Dorso and P. A. Giménez Molinelli and J. I. Nichols and J. A. López},
      year={2013},
      eprint={1211.5582},
      archivePrefix={arXiv},
      primaryClass={nucl-th}
}

@article{phi_dAu,
    doi = {10.1088/0954-3899/31/4/026},
    url = {https://doi.org/10.1088\%2F0954-3899\%2F31\%2F4\%2F026},
    year = 2005,
    month = {03},
    publisher = {{IOP} Publishing},
    volume = {31},
    number = {4},
    pages = {S211--S216},
    author = {Dipali Pal and the PHENIX Collaboration},
    title = {phgr meson production in d$+$Au collisions at},
    journal = {Journal of Physics G: Nuclear and Particle Physics}
}

@article{QGP_small_syst,
    doi = {10.1016/j.nuclphysa.2005.03.086},
    url = {https://doi.org/10.1016\%2Fj.nuclphysa.2005.03.086},
    year = 2005,
    month = {08},
    publisher = {Elsevier {BV}},
    volume = {757},
    number = {1-2},
    pages = {184--283},
    author = {K. Adcox and others},
    title = {Formation of dense partonic matter in relativistic nucleus{\textendash}nucleus collisions at {RHIC}: Experimental evaluation by the {PHENIX} Collaboration},
    journal = {Nuclear Physics A}
}

@article{Cronin,
    author = {Krelina, Michal and Nemchik, J.},
    year = {2014},
    month = {02},
    pages = {},
    title = {Cronin effect at different energies: from RHIC to LHC},
    volume = {66},
    journal = {EPJ Web of Conferences},
    doi = {10.1051/epjconf/20146604016}
}

@article{Cronin_hadrons_pp_dAu_AuAu,
    doi = {10.1088/0954-3899/30/8/070},
    url = {https://doi.org/10.1088\%2F0954-3899\%2F30\%2F8\%2F070},
    year = 2004,
    month = {07},
    publisher = {{IOP} Publishing},
    volume = {30},
    number = {8},
    pages = {S1113--S1116},
    author = {Felix Matathias and (for the PHENIX Collaboration)},
    title = {~/K/p production and Cronin effect from p$+$p, d$+$Au and Au$+$Au collisions at {GeV} from the {PHENIX} experiment},
    journal = {Journal of Physics G: Nuclear and Particle Physics}
}

@article{MPI1,
    title = {PHENIX Results in d+Au Collisions},
    journal = {Nuclear and Particle Physics Proceedings},
    volume = {273-275},
    pages = {1600-1603},
    year = {2016},
    note = {37th International Conference on High Energy Physics (ICHEP)},
    issn = {2405-6014},
    doi = {https://doi.org/10.1016/j.nuclphysbps.2015.09.259},
    url = {https://www.sciencedirect.com/science/article/pii/S2405601415007488},
    author = {Chin-Hao Chen},
    keywords = {quark-gluon plasma},
}

@article{MPI2,
    doi = {10.1103/physrevlett.89.162301},
    url = {https://doi.org/10.1103\%2Fphysrevlett.89.162301},
    year = 2002,
    month = {10},
    publisher = {American Physical Society ({APS})},
    volume = {89},
    number = {16},
    author = {Enke Wang and Xin-Nian Wang},
    title = {Jet Tomography of Hot and Cold Nuclear Matter},
    journal = {Physical Review Letters}
}

@article{PDF1,
	doi = {10.1103/physrevd.93.085037},
	url = {https://doi.org/10.1103%2Fphysrevd.93.085037},
	year = 2016,
	month = {04},
	publisher = {American Physical Society ({APS})},
	volume = {93},
	number = {8},
	author = {K. Kovarik and A. Kusina and T. Jevzo and D.{\hspace{0.167em}}B. Clark and C. Keppel and F. Lyonnet and J.{\hspace{0.167em}}G. Morfin and F.{\hspace{0.167em}}I. Olness and J.{\hspace{0.167em}}F. Owens and I. Schienbein and J.{\hspace{0.167em}}Y. Yu},
	title = {{nCTEQ}15: Global analysis of nuclear parton distributions with uncertainties in the {CTEQ} framework},
	journal = {Physical Review D}
}

@article{PDF2,
    title = {Measurement of cold nuclear matter effects for inclusive J/psi in p+Au collisions at sNN=200 GeV},
    journal = {Physics Letters B},
    volume = {825},
    pages = {136865},
    year = {2022},
    issn = {0370-2693},
    doi = {https://doi.org/10.1016/j.physletb.2021.136865},
    url = {https://www.sciencedirect.com/science/article/pii/S0370269321008054},
    author = {M.S. Abdallah and others}
}
@article{TrackingSystem,
title = {{PHENIX central arm tracking detectors}},
journal = {Nucl. Instrum. Meth. A},
volume = {499},
number = {2},
pages = {489-507},
year = {2003},
issn = {0168-9002},
collaboration = {PHENIX Collaboration},
author = {K. Adcox and others},

}

@article{BBC,
title = {{PHENIX} inner detectors},
journal = {Nucl. Instrum. Meth. A},
volume = {499},
number = {2},
pages = {549-559},
year = {2003},
collaboration = {PHENIX Collaboration},
issn = {0168-9002},
doi = {https://doi.org/10.1016/S0168-9002(02)01956-3},
url = {https://www.sciencedirect.com/science/article/pii/S0168900202019563},
author = {M. Allen and others},
keywords = {Relativistic heavy-ion collisions, Cherenkov detectors, Scintillation detectors, Tracking and position sensitive detectors},

}


@article{DC,
title = {Low-mass Drift Chambers of the {PHENIX} central spectrometers at {RHIC}},
journal = {Nucl. Instrum. Meth. A},
volume = {494},
number = {1},
pages = {194-198},
year = {2002},
issn = {0168-9002},
doi = {https://doi.org/10.1016/S0168-9002(02)01464-X},
url = {https://www.sciencedirect.com/science/article/pii/S016890020201464X},
author = {Riabov, Yu.},
keywords = {PHENIX, Tracking, Focusing geometry, Drift chamber}
}

@article{ToF,
    author = "Carl\'en, L. and others",
    title = {A large-acceptance spectrometer for tracking in a high multiplicity environment, based on space point measurements and high resolution time-of-flight},
    doi = "10.1016/S0168-9002(99)00261-2",
    journal = "Nucl. Instrum. Meth. A",
    volume = "431",
    pages = "123--133",
    year = "1999"
}


@article{CH_pp,
  title = {Identified charged hadron production in $p+p$ collisions at $\sqrt{s}=200$ and 62.4 {GeV}},
  author = {Adare, A. and others},
  collaboration = {PHENIX Collaboration},
  journal = {Phys. Rev. C},
  volume = {83},
  issue = {6},
  pages = {064903},
  numpages = {29},
  year = {2011},
  month = {06},
  publisher = {American Physical Society},
  doi = {10.1103/PhysRevC.83.064903},
  url = {https://link.aps.org/doi/10.1103/PhysRevC.83.064903}
}

@article{pi0Eta_CuAu,
  title = {Production of ${\ensuremath{\pi}}^{0}$ and $\ensuremath{\eta}$ mesons in $\mathrm{Cu}+\mathrm{Au}$ collisions at $\sqrt{{s}_{{}_{NN}}}=200\phantom{\rule{0.28em}{0ex}}\mathrm{GeV}$},
  author = {Aidala, C. and others},
  collaboration = {PHENIX Collaboration},
  journal = {Phys. Rev. C},
  volume = {98},
  issue = {5},
  pages = {054903},
  numpages = {11},
  year = {2018},
  month = {11},
  publisher = {American Physical Society},
  doi = {10.1103/PhysRevC.98.054903},
  url = {https://link.aps.org/doi/10.1103/PhysRevC.98.054903}
}

@article{pi0Eta_UU,
    author = "Acharya, U. and others",
    collaboration = "PHENIX",
    title = "{Production of $\pi^0$ and $\eta$ mesons in U+U collisions at $\sqrt{s_{NN}}=$192 GeV}",
    eprint = "2005.14686",
    archivePrefix = "arXiv",
    primaryClass = "hep-ex",
    doi = "10.1103/PhysRevC.102.064905",
    journal = "Phys. Rev. C",
    volume = "102",
    number = "6",
    pages = "064905",
    year = "2020"
}

@article{pi0_smallSysts,
  title = {Systematic study of nuclear effects in $p+\mathrm{Al}, p+\mathrm{Au}, d+\mathrm{Au}$, and $^{3}\mathrm{He}\phantom{\rule{0.16em}{0ex}}+\phantom{\rule{0.16em}{0ex}}\mathrm{Au}$ collisions at $\sqrt{{s}_{NN}}=200$ GeV using ${\ensuremath{\pi}}^{0}$ production},
  author = {Acharya, U. A. and others},
  collaboration = {PHENIX Collaboration},
  journal = {Phys. Rev. C},
  volume = {105},
  issue = {6},
  pages = {064902},
  numpages = {19},
  year = {2022},
  month = {06},
  publisher = {American Physical Society},
  doi = {10.1103/PhysRevC.105.064902},
  url = {https://link.aps.org/doi/10.1103/PhysRevC.105.064902}
}


@article{QGP_Time,
  author = {Niida, T. and Miake, Y.},
  title = { Signatures of QGP at {RHIC} and the {LHC}},
  publisher = {arXiv},
  year = {2021},
  journal = {AAPPS Bull},
  volume = {31},
  issue = {12}
}

@article{phi_SmallSysts,
    author = "Acharya, U. and others",
    collaboration = "PHENIX",
    title = "{Study of $\phi$-meson production in $p+$Al, $p+$Au, $d+$Au, and $^3$He$+$Au collisions at $\sqrt{s_{_{NN}}}=200$ GeV}",
    eprint = "2203.06087",
    archivePrefix = "arXiv",
    primaryClass = "nucl-ex",
    doi = "10.1103/PhysRevC.106.014908",
    journal = "Phys. Rev. C",
    volume = "106",
    number = "1",
    pages = "014908",
    year = "2022"
}

@article{phi_LargeSysts,
  title = {Measurement of $\ensuremath{\phi}$-meson production in {$\mathrm{Cu}+\mathrm{Au}$ collisions at $\sqrt{{s}_{NN}}=200$ GeV and $\mathrm{U}+\mathrm{U}$ collisions at $\sqrt{{s}_{NN}}=193$ GeV}},
  author = {Abdulameer N. J. and others },
  collaboration = {PHENIX Collaboration},
  journal = {Phys. Rev. C},
  volume = {107},
  issue = {1},
  pages = {014907},
  numpages = {16},
  year = {2023},
  month = {01},
  publisher = {American Physical Society},
  doi = {10.1103/PhysRevC.107.014907},
  url = {https://link.aps.org/doi/10.1103/PhysRevC.107.014907}
}

@article{ppg146,
    author = "Adare, A. and others",
    collaboration = "PHENIX",
    title = "{Spectra and ratios of identified particles in Au+Au and $d$+Au collisions at $\sqrt{s_{NN}}=200$ GeV}",
    eprint = "1304.3410",
    archivePrefix = "arXiv",
    primaryClass = "nucl-ex",
    doi = "10.1103/PhysRevC.88.024906",
    journal = "Phys. Rev. C",
    volume = "88",
    number = "2",
    pages = "024906",
    year = "2013"
}

@article{psi_SmallSyst,
    author = {Acharya, Uttam . and others},
    year = {2022},
    month = {02},
    pages = {},
    title = {Measurement of $\psi(2S)$ nuclear modification at backward and forward rapidity in $p$$+$$p$, $p$$+$Al, and $p$$+$Au collisions at $\sqrt{s_{_{NN}}}=200$\,GeV}
}




