% ГОСТ Р 7.0.11-2011, Приложение Б, Книги
@BOOK{Sychev,
  author = {Сычёв, М. С.},
  title = {История Астраханвского казачьего войска: учебное пособие},
  address = {Астрахань},
  publisher = {Волга},
  year = {2009},
  numpages = {231},
  language = {russian}
}

@BOOK{Sokolov,
  author = {Соколов, А. Н. and Сердобинцев, К. С.},
  editor = {Бочарова, В. М.},
  address = {Астрахань},
  publisher = {Калиниградский ЮИ МВД России},
  title = {Гражданское общество: проблемы формирования и развития (философский и юридический аспекты): монография},
  year = {2009},
  numpages = {218},
  language = {russian}
}

@BOOK{Gaidaenko,
  author = {Гайдаенко, Т. А.},
  title = {Маркетинговое управление: принципы управленческих решений и российская практика},
  edition = {3-е изд, перераб. и доп.},
  address = {М.},
  publisher = {Эксмо: МИРБИС},
  year = {2008},
  numpages = {508},
  language = {russian}
}

@BOOK{Lermontov,
  author = {Лермонтов, Михаил Юрьевич},
  title = {Собрание сочинений: в 4 т.},
  address = {М.},
  publisher = {Терра-Кн. клуб},
  year = {2009},
  note = {4 т.},
  language = {russian}
}

@BOOK{Management,
  title = {Управление бизнесом: сборник статей},
  address = {Нижний новгород},
  publisher = {Изд-во Нижегородского университета},
  year = {2009},
  numpages = {243},
  language = {russian}
}

@BOOK{Borozda,
  author = {Борозда, И. В. and Воронин, Н. И. and Бушманов А. В.},
  title = {Лечение сочетанных повреждений таза},
  address = {Владивосток},
  publisher = {Дальнаука},
  year = {2009},
  numpages = {195},
  language = {russian}
}

@BOOK{Marketing,
  author = {Михненков, О. В. and Коготкова, И. З. and Генкин, Е. В. and Сороко, Г. Я.},
  title = {Маркетинговые исследования в строительстве: учебное пособие для студентов специальности «Менеджемент организаций»},
  address = {М.},
  publisher = {Государственный университет управления},
  year = {2005},
  numpages = {59},
  language = {russian}
}

% ГОСТ Р 7.0.11-2011, Приложение Б, Нормативные правовые акты
@BOOK{Constitution,
  title = {Конституция Российской Федерации: офиц. текст.},
  address = {М.},
  publisher = {Маркетинг},
  year = {2001},
  numpages = {39},
  language = {russian}
}

@BOOK{FamilyCode,
  title = {Семейный кодекс Российской Федерации: [федер. закон: принят Гос. Думой 8 дек. 1995~г.: по состоянию на 3~янв. 2001~г.]},
  address = {СПб.},
  publisher = {Стаун-кантри},
  year = {2001},
  numpages = {94},
  language = {russian}
}

% ГОСТ Р 7.0.11-2011, Приложение Б, Стандарты
@BOOK{Gost.7.0.53,
  title = {ГОСТ Р 7.0.53-2007 Система стандартов по информации, библиотечному и издательскому делу. Издания. Международный стандартный книжный номер. Использование и издательское оформление.},
  address = {М.},
  publisher = {Стандартинформ},
  year = {2007},
  numpages = {5},
  language = {russian}
}

% ГОСТ Р 7.0.11-2011, Приложение Б, Депонированные научные работы
@BOOK{Razumovski,
  author = {Разумовский, В. А. and Андреев, Д. А.},
  title = {Управление маркетинговыми исследованиями в регионе},
  address = {М.},
  year = {2002},
  numpages = {210},
  note = {Деп. в ИНИОН Рос. акад. наук 15.02.02, № 139876},
  language = {russian}
}

% ГОСТ Р 7.0.11-2011, Приложение Б, Диссертации
@BOOK{Lagkueva,
  author = {Лагкуева, Ирина Владимировна},
  title = {Особенности регулирования труда творческих работников театров: дис. ... канд. юрид. наук: 12.00.05},
  address = {М.},
  year = {2009},
  numpages = {168},
  language = {russian}
}

@BOOK{Pokrovski,
  author = {Покровский, Андрей Владимирович},
  title = {Устранимые особенности решений эллиптических уравнений: дис. ... д-ра физ.-мат. наук: 01.01.01},
  address = {М.},
  year = {2008},
  numpages = {178},
  language = {russian}
}

% ГОСТ Р 7.0.11-2011, Приложение Б, Авторефераты диссертаций
@BOOK{Sirotko,
  author = {Сиротко, Владимир Викторович},
  title = {Медико-социальные аспекты городского травматизма в современных условиях : автореф. дис. ... канд. мед. наук : 14.00.33},
  address = {М.},
  year = {2006},
  numpages = {26},
  language = {russian}
}

@BOOK{Lukina,
  author = {Лукина, Валентина Александровна},
  title = {Творческая история «Записок охотника» И. С. Тургенева: автореф. дис. ... канд. филол. наук : 10.01.01},
  address = {СПб.},
  year = {2006},
  numpages = {26},
  language = {russian}
}

% ГОСТ Р 7.0.11-2011, Приложение Б, Отчёты о научно-исследовательской работе
@BOOK{Methodology,
  author = {Загорюев, А. Л.},
  title = {Методология и методы изучения военно-профессиональной направленности подростков: отчёт о НИР},
  address = {Екатеринбург},
  institution = {Уральский институт практической психологии},
  year = {2008},
  numpages = {102},
  language = {russian}
}

% ГОСТ Р 7.0.11-2011, Приложение Б, Электронные ресурсы
@BOOK{Encyclopedia,
  title = {Художественная энциклопедия зарубежного классического искусства [Электронный ресурс]},
  address = {М.},
  publisher = {Большая Рос. энкцикл.},
  year = {1996},
  note = {1 электрон. опт. диск (CD-ROM)},
  language = {russian}
}

@ARTICLE{Nasirova,
  author = {Насырова, Г. А.},
  title = {Модели государственного регулирования страховой деятельности [Электронный ресурс]},
  journal = {Вестник Финансовой академии},
  year = {2003},
  number = {4},
  note = {Режим доступа: http://vestnik.fa.ru/4(28)2003/4.html},
  language = {russian}
}

% ГОСТ Р 7.0.11-2011, Приложение Б, Статьи

@ARTICLE{Berestova,
  author = {Берестова, Т. Ф.},
  title = {Поисковые инструмены библиотеки},
  journal = {Библиография},
  year = {2006},
  number = {4},
  pages = {19},
  language = {russian}
}

@ARTICLE{Kriger,
  author = {Кригер, И.},
  title =  {Бумага терпит},
  journal = {Новая газета},
  year = {2009},
  note = {1 июля},
  language = {russian}
}

%Real example, Google Scholar
@article{samojlovich2004trehmernye,
  title={Трехмерные нанокомпозиты на основе упорядоченных упаковок наносфер кремнезема},
  author={Самойлович, МИ and Клещева, СМ and Белянин, АФ and Житковский, ВД and Цветков, МЮ},
  journal={Микросистемная техника},
  number={6},
  pages={3--7},
  year={2004},
  language = {russian}
}


% Real example (Статья в русском электронном журнале с DOI и URL), test of processing doi, url and note with additional words + Инициалы
@ARTICLE{Sinev2014,
  author = {Синев, Л. С.},
  doi={10.7463/1214.0745310},
  title = {Особенности применения электростатического соединения кремния со стеклом в микросистемной технике [Электронный ресурс]},
  url={http://engbul.bmstu.ru/doc/722572.html},
  journal = {Инженерный вестник. МГТУ им. Н. Э. Баумана. Электрон. журн.},
  year = {2014},
  number = {5},
  note = {Режим доступа: http://engbul.bmstu.ru/doc/722572.html (дата обращения 20.07.2015)},
  language = {russian}
}

% Real example (from Google or Springer), test of processing doi, url and underscore in them
% unmodified styles don't know %language = {English}
@incollection{Li2007StressAnalysis,
year={2007},
isbn={978-0-387-27974-9},
booktitle={Micro- and Opto-Electronic Materials and Structures: Physics, Mechanics, Design, Reliability, Packaging},
editor={Suhir, E. and Lee, Y.C. and Wong, C.P.},
doi={10.1007/0-387-32989-7\_45},
title={Stress Analysis for Processed Silicon Wafers and Packaged Micro-devices},
url={http://dx.doi.org/10.1007/0-387-32989-7\_45},
publisher={Springer US},
author={Li, Li and Guo, Yifan and Zheng, Dawei},
pages={B677-B709},
language={english}
}

% Real, β sign 
% inputenc don't know β sign %aluminosilicate-β-quartz
@article{Shoji199895,
title = "Low-temperature anodic bonding using lithium aluminosilicate-$\beta$-quartz glass ceramic ",
journal = "Sensors and Actuators A: Physical ",
volume = "64",
number = "1",
pages = "95 - 100",
year = "1998",
note = "Tenth \{IEEE\} International Workshop on Micro Electro Mechanical Systems ",
issn = "0924-4247",
doi = "http://dx.doi.org/10.1016/S0924-4247(97)01659-2",
url = "http://www.sciencedirect.com/science/article/pii/S0924424797016592",
author = "Shuichi Shoji and Hiroto Kikuchi and Hirotaka Torigoe",
keywords = "Anodic bonding",
keywords = "Low-temperature bonding",
keywords = "Micro assembly",
keywords = "Micro package",
keywords = "Glass ceramic "
}

% doi with http, with () , title with umlaut or other unicode or specific symbols, 9 authors
% latex don't like Gösele1999161 in ref
@article{Gosele1999161,
title = "Wafer bonding for microsystems technologies ",
journal = "Sensors and Actuators A: Physical ",
volume = "74",
number = "1–3",
pages = "161 - 168",
year = "1999",
note = "",
issn = "0924-4247",
doi = "http://dx.doi.org/10.1016/S0924-4247(98)00310-0",
url = "http://www.sciencedirect.com/science/article/pii/S0924424798003100",
author = "U. Gösele and Q.-Y. Tong and A. Schumacher and G. Kräuter and M. Reiche and A. Plößl and P. Kopperschmidt and T.-H. Lee and W.-J. Kim",
keywords = "Wafer bonding",
keywords = "Fusion bonding",
keywords = "Pressure sensors",
keywords = "Interface reactions",
keywords = "Hydrophilic bonding",
keywords = "Hydrophobic bonding "
}

% Real with eprint field and 4 authors
@article{doi:10.1080/01932691.2010.513279,
author = { Young-Sang   Cho  and  Young   Kuk   Kim  and  Kook   Chae   Chung  and  Chul   Jin   Choi },
title = {Deformation of Colloidal Crystals for Photonic Band Gap Tuning},
journal = {Journal of Dispersion Science and Technology},
volume = {32},
number = {10},
pages = {1408-1415},
year = {2011},
doi = {10.1080/01932691.2010.513279},

URL = { 
        http://dx.doi.org/10.1080/01932691.2010.513279
    
},
eprint = { 
        http://dx.doi.org/10.1080/01932691.2010.513279
    
}

}


% Инициалы
% Подчёркивания в ссылке приходится ескейпить
@article{medvedev2006jelektronnye,
  title={Электронные компоненты и монтажные подложки},
  author={Медведев, АМ},
  journal={Компоненты и технологии},
  number={12},
  pages={124--134},
  year={2006},
  note = {Режим доступа: http://www.kit-e.ru/articles/elcomp/2006\_12\_124.php (дата обращения 19.01.2015)},
  language = {russian}
}


% Real example
%http://dx.doi.org/10.1002/1521-4001(200209)82:9%3C579::AID-ZAMM579%3E3.0.CO;2-V
@article {ZAMM:ZAMM579,
author = {Herwig, H.},
title = {Flow and Heat Transfer in Micro Systems: Is Everything Different or Just Smaller?},
journal = {ZAMM - Journal of Applied Mathematics and Mechanics / Zeitschrift für Angewandte Mathematik und Mechanik},
volume = {82},
number = {9},
publisher = {WILEY-VCH Verlag},
issn = {1521-4001},
url = {http://dx.doi.org/10.1002/1521-4001(200209)82:9<579::AID-ZAMM579>3.0.CO;2-V},
doi = {10.1002/1521-4001(200209)82:9<579::AID-ZAMM579>3.0.CO;2-V},
pages = {579--586},
year = {2002},
}

% Real example
%http://dx.doi.org/10.1002/1521-4125(200007)23:7%3C581::AID-CEAT581%3E3.0.CO;2-P
% не нравится знак & %journal = {Chemical Engineering & Technology},
@article {CEAT:CEAT581,
author = {Deiters, U. K.},
title = {A Modular Program System for the Calculation of Thermodynamic Properties of Fluids},
journal = {Chemical Engineering \& Technology},
volume = {23},
number = {7},
publisher = {WILEY-VCH Verlag},
issn = {1521-4125},
url = {http://dx.doi.org/10.1002/1521-4125(200007)23:7<581::AID-CEAT581>3.0.CO;2-P},
doi = {10.1002/1521-4125(200007)23:7<581::AID-CEAT581>3.0.CO;2-P},
pages = {581--584},
year = {2000},
}

% Real, 2 authors in 2 fields, suggested ref name is 0_0
%
%JohnsenRahbek
% unmodified styles don't know %language = {English},
% bibtex ignores extra author field, with utf8gost71u.bst at least
%   author = {Alfred Johnsen},
%   author = {Knud Rahbek},
% and it doesn't like commented out author fields
@ARTICLE{:/content/journals/10.1049/jiee-1.1923.0092,
   author = {Alfred Johnsen and Knud Rahbek},
   ISSN = {0099-2887},
   language = {english},
   doi={10.1049/jiee-1.1923.0092},
   title = {A physical phenomenon and its applications to telegraphy, telephony, etc.},
   journal = {Journal of the Institution of Electrical Engineers},
   issue = {320},   
   volume = {61},
   year = {1923},
   month = {July},
   pages = {713-725(12)},
   publisher ={},
   copyright = {© The Institution of Electrical Engineers},
   url = {http://digital-library.theiet.org/content/journals/10.1049/jiee-1.1923.0092}
}


% Examples from https://verbosus.com/bibtex-style-examples.html
@ARTICLE{Article,
  author   = {Peter Adams},
  title    = {The title of the work},
  journal  = {The name of the journal},
  year     = {1993},
  number   = {2},
  pages    = {201-213},
  month    = {7},
  note     = {An optional note},
  volume   = {4},
  language = {english}
}

@BOOK{Book,
  author    = {Peter Babington}, 
  title     = {The title of the work},
  publisher = {The name of the publisher},
  year      = {1993},
  volume    = {4},
  series    = {10},
  address   = {The address},
  edition   = {3},
  month     = {7},
  note      = {An optional note},
  isbn      = {3257227892},
  language  = {english}
}

@BOOKLET{Booklet,
  title        = {The title of the work},
  author       = {Peter Caxton}, 
  howpublished = {How it was published},
  address      = {The address of the publisher},
  month        = {7},
  year         = {1993},
  note         = {An optional note},
  language     = {english}
}

@CONFERENCE{Conference,
  author       = {Peter Draper}, 
  title        = {The title of the work},
  booktitle    = {The title of the book},
  year         = {1993},
  editor       = {The editor},
  volume       = {4},
  series       = {5},
  pages        = {213},
  address      = {The address of the publisher},
  month        = {7},
  organization = {The organization},
  publisher    = {The publisher},
  note         = {An optional note},
  language     = {english}
}

@INBOOK{Inbook,
  author       = {Peter Eston},
  title        = {The title of the work},
  booktitle    = {Book title},
  chapter      = {8},
  pages        = {201-213},
  publisher    = {The name of the publisher},
  year         = {1993},
  volume       = {4},
  series       = {5},
  address      = {The address of the publisher},
  edition      = {3},
  month        = {7},
  note         = {An optional note},
  language     = {english}
}

@INCOLLECTION{Incollection,
  author       = {Peter Farindon},
  title        = {The title of the work},
  booktitle    = {The title of the book},
  publisher    = {The name of the publisher},
  year         = {1993},
  editor       = {The editor},
  volume       = {4},
  series       = {5},
  chapter      = {8},
  pages        = {201-213},
  address      = {The address of the publisher},
  edition      = {3},
  month        = {7},
  note         = {An optional note},
  language     = {english}
}

@MANUAL{Manual,
  title        = {The title of the work},
  author       = {Peter Gainsford}, 
  organization = {The organization},
  address      = {The address of the publisher},
  edition      = {3},
  month        = {7},
  year         = {1993},
  note         = {An optional note},
  language     = {english}
}

@MASTERSTHESIS{Mastersthesis,
  author       = {Peter Harwood},
  title        = {The title of the work},
  school       = {The school where the thesis was written},
  year         = {1993},
  address      = {The address of the publisher},
  month        = {7},
  note         = {An optional note},
  language     = {english}
}

@MISC{Misc,
  author       = {Peter Isley},
  title        = {The title of the work},
  howpublished = {How it was published},
  month        = {7},
  year         = {1993},
  note         = {An optional note},
  language     = {english}
}

@PHDTHESIS{Phdthesis,
  author       = {Peter Joslin}, 
  title        = {The title of the work},
  school       = {The school where the thesis was written},
  year         = {1993},
  address      = {The address of the publisher},
  month        = {7},
  note         = {An optional note},
  language     = {english}
}

@PROCEEDINGS{Proceedings,
  title        = {The title of the work},
  year         = {1993},
  editor       = {Peter Kidwelly},
  volume       = {4},
  series       = {5},
  address      = {The address of the publisher},
  month        = {7},
  organization = {The organization},
  publisher    = {The name of the publisher},
  note         = {An optional note},
  language     = {english}
}

@TECHREPORT{Techreport,
  author       = {Peter Lambert},
  title        = {The title of the work},
  institution  = {The institution that published},
  year         = {1993},
  number       = {2},
  address      = {The address of the publisher},
  month        = {7},
  note         = {An optional note},
  language     = {english}
}

@UNPUBLISHED{Unpublished,
  author       = {Peter Marcheford}, 
  title        = {The title of the work},
  note         = {An optional note},
  month        = {7},
  year         = {1993},
  language     = {english}
}